<?xml version="1.0" encoding="UTF-8"?><collection xmlns="http://www.loc.gov/MARC21/slim"><record><leader>00429nam--2200121-i-4500</leader><controlfield tag="001">000013879</controlfield><controlfield tag="002">20161230</controlfield><controlfield tag="005">20161230201030</controlfield><controlfield tag="008">060222s1000------------r-----000-0-eng-d</controlfield><datafield ind1=" " ind2=" " tag="080"><subfield code="a">550.34(061.3)</subfield></datafield><datafield ind1=" " ind2=" " tag="245"><subfield code="a">Comptes rendus des seances de la conference reunie a strasbourg du 4 au 8 juillet 1947. redigees par le secretaire j.p.rothe</subfield></datafield><datafield ind1=" " ind2=" " tag="260"><subfield code="a">Strasbourg, Union Geodesique Et Geophysique Internationale, 1948. 89 P</subfield></datafield><datafield ind1=" " ind2=" " tag="852"><subfield code="a">47893</subfield></datafield></record></collection>